<?xml version="1.0" encoding="UTF-8"?>
<!DOCTYPE html PUBLIC "-//W3C//DTD XHTML 1.0 Transitional//EN"
    "http://www.w3.org/TR/xhtml1/DTD/xhtml1-transitional.dtd">
<html xmlns="http://www.w3.org/1999/xhtml" xml:lang="en" lang="en">
 <head>
  <title>
</title>
<meta http-equiv="Content-Type" content="text/html;charset=utf-8" />
  <meta name='ocr-system' content='tesseract 3.04.00' />
  <meta name='ocr-capabilities' content='ocr_page ocr_carea ocr_par ocr_line ocrx_word'/>
</head>
<body>
  <div class='ocr_page' id='page_1' title='image "./rarioramuseibes00lochgoog_0223.png"; bbox 0 0 4380 7296; ppageno 0'>
   <div class='ocr_carea' id='block_1_1' title="bbox 444 573 1496 702">
    <p class='ocr_par' dir='ltr' id='par_1_1' title="bbox 444 573 1496 702">
     <span class='ocr_line' id='line_1_1' title="bbox 444 573 1496 702; baseline -0.023 -4"><span class='ocrx_word' id='word_1_1' title='bbox 444 601 506 702; x_wconf 74' lang='lat'><em>86</em></span> <span class='ocrx_word' id='word_1_2' title='bbox 1049 573 1248 690; x_wconf 68' lang='lat' dir='ltr'><em>,·.·5A‘B.</em></span> <span class='ocrx_word' id='word_1_3' title='bbox 1296 579 1496 678; x_wconf 71' lang='lat' dir='ltr'><em>XXVII.</em></span> 
     </span>
    </p>
   </div>
   <div class='ocr_carea' id='block_1_2' title="bbox 229 892 2115 1053">
    <p class='ocr_par' dir='ltr' id='par_1_2' title="bbox 229 892 2115 1053">
     <span class='ocr_line' id='line_1_2' title="bbox 229 892 2115 1053; baseline -0.005 -45"><span class='ocrx_word' id='word_1_4' title='bbox 229 1001 235 1008; x_wconf 91' lang='lat'>.</span> <span class='ocrx_word' id='word_1_5' title='bbox 424 903 550 1050; x_wconf 66' lang='lat' dir='ltr'><em>&#39;strici</em></span> <span class='ocrx_word' id='word_1_6' title='bbox 566 899 668 1035; x_wconf 75' lang='lat' dir='ltr'><em>fitur</em></span> <span class='ocrx_word' id='word_1_7' title='bbox 686 903 802 1018; x_wconf 79' lang='lat' dir='ltr'><em>rami</em></span> <span class='ocrx_word' id='word_1_8' title='bbox 819 892 952 1032; x_wconf 71' lang='lat' dir='ltr'><em>infler</em></span> <span class='ocrx_word' id='word_1_9' title='bbox 963 898 1223 1031; x_wconf 80' lang='lat' dir='ltr'><em>plantarum</em></span> <span class='ocrx_word' id='word_1_10' title='bbox 1244 893 1524 1030; x_wconf 81' lang='lat' dir='ltr'><em>crescentium</em></span> <span class='ocrx_word' id='word_1_11' title='bbox 1533 896 1826 1053; x_wconf 68' lang='lat' dir='ltr'><em>[menturae</em></span> <span class='ocrx_word' id='word_1_12' title='bbox 1854 925 1967 1030; x_wconf 78' lang='lat' dir='ltr'><em>uper</em></span> <span class='ocrx_word' id='word_1_13' title='bbox 2001 929 2115 998; x_wconf 70' lang='lat' dir='ltr'><em>eremi</em></span> 
     </span>
    </p>
   </div>
   <div class='ocr_carea' id='block_1_3' title="bbox 397 1029 2151 2754">
    <p class='ocr_par' dir='ltr' id='par_1_3' title="bbox 423 1029 2151 2252">
     <span class='ocr_line' id='line_1_3' title="bbox 435 1029 2113 1168; baseline -0.008 -29"><span class='ocrx_word' id='word_1_14' title='bbox 435 1044 499 1148; x_wconf 74' lang='lat' dir='ltr'><em>ad</em></span> <span class='ocrx_word' id='word_1_15' title='bbox 515 1042 696 1168; x_wconf 61' lang='lat' dir='ltr'><em>lupum</em></span> <span class='ocrx_word' id='word_1_16' title='bbox 714 1035 899 1138; x_wconf 77' lang='lat' dir='ltr'><em>hominia</em></span> <span class='ocrx_word' id='word_1_17' title='bbox 916 1029 1195 1139; x_wconf 74' lang='lat' dir='ltr'><em>altitudinem</em></span> <span class='ocrx_word' id='word_1_18' title='bbox 1213 1033 1699 1164; x_wconf 71' lang='lat' dir='ltr'><em>radicarerraelueaque</em></span> <span class='ocrx_word' id='word_1_19' title='bbox 1711 1033 2003 1166; x_wconf 78' lang='lat' dir='ltr'><em>frequentina</em></span> <span class='ocrx_word' id='word_1_20' title='bbox 2019 1031 2113 1128; x_wconf 85' lang='lat' dir='ltr'><em>dire·</em></span> 
     </span>
     <span class='ocr_line' id='line_1_4' title="bbox 438 1159 2111 1301; baseline -0.013 -23"><span class='ocrx_word' id='word_1_21' title='bbox 438 1179 524 1278; x_wconf 74' lang='lat' dir='ltr'><em>tlte</em></span> <span class='ocrx_word' id='word_1_22' title='bbox 542 1173 604 1274; x_wconf 82' lang='lat' dir='ltr'><em>al</em></span> <span class='ocrx_word' id='word_1_23' title='bbox 621 1163 1160 1301; x_wconf 69' lang='lat' dir='ltr'><em>perpendiculunrariu</em></span> <span class='ocrx_word' id='word_1_24' title='bbox 1172 1189 1253 1292; x_wconf 79' lang='lat' dir='ltr'><em>per</em></span> <span class='ocrx_word' id='word_1_25' title='bbox 1267 1159 1617 1300; x_wconf 62' lang='lat' dir='ltr'><em>luteralnlundit</em></span> <span class='ocrx_word' id='word_1_26' title='bbox 1632 1166 1913 1295; x_wconf 76' lang='lat' dir='ltr'><em>ramusculos.</em></span> <span class='ocrx_word' id='word_1_27' title='bbox 1988 1171 2111 1261; x_wconf 84' lang='lat' dir='ltr'><em>Lucu</em></span> 
     </span>
     <span class='ocr_line' id='line_1_5' title="bbox 435 1290 2109 1439; baseline -0.014 -24"><span class='ocrx_word' id='word_1_28' title='bbox 435 1311 510 1416; x_wconf 87' lang='lat' dir='ltr'><em>uli</em></span> <span class='ocrx_word' id='word_1_29' title='bbox 535 1299 765 1439; x_wconf 77' lang='lat' dir='ltr'><em>Osteocola</em></span> <span class='ocrx_word' id='word_1_30' title='bbox 775 1293 975 1432; x_wconf 67' lang='lat' dir='ltr'><em>uniunt,</em></span> <span class='ocrx_word' id='word_1_31' title='bbox 993 1290 1367 1430; x_wconf 76' lang='lat' dir='ltr'><em>intersteljlnvam</em></span> <span class='ocrx_word' id='word_1_32' title='bbox 1382 1325 1570 1394; x_wconf 79' lang='lat' dir='ltr'><em>arenam</em></span> <span class='ocrx_word' id='word_1_33' title='bbox 1584 1295 1783 1418; x_wconf 67' lang='lat' dir='ltr'><em>albicans</em></span> <span class='ocrx_word' id='word_1_34' title='bbox 1798 1331 1939 1432; x_wconf 85' lang='lat' dir='ltr'><em>neque</em></span> <span class='ocrx_word' id='word_1_35' title='bbox 1952 1298 2109 1427; x_wconf 75' lang='lat' dir='ltr'><em>pingul-</em></span> 
     </span>
     <span class='ocr_line' id='line_1_6' title="bbox 437 1423 2106 1566; baseline -0.013 -20"><span class='ocrx_word' id='word_1_36' title='bbox 437 1477 488 1548; x_wconf 86' lang='lat' dir='ltr'><em>or</em></span> <span class='ocrx_word' id='word_1_37' title='bbox 505 1462 633 1544; x_wconf 81' lang='lat' dir='ltr'><em>urent</em></span> <span class='ocrx_word' id='word_1_38' title='bbox 650 1455 853 1564; x_wconf 59' lang='lat' dir='ltr'><em>apparea</em></span> <span class='ocrx_word' id='word_1_39' title='bbox 867 1423 1099 1530; x_wconf 81' lang='lat' dir='ltr'><em>voeeteab</em></span> <span class='ocrx_word' id='word_1_40' title='bbox 1114 1431 1190 1542; x_wconf 84' lang='lat' dir='ltr'><em>ile,</em></span> <span class='ocrx_word' id='word_1_41' title='bbox 1212 1458 1435 1562; x_wconf 83' lang='lat' dir='ltr'><em>quorumo</em></span> <span class='ocrx_word' id='word_1_42' title='bbox 1461 1461 1542 1527; x_wconf 82' lang='lat' dir='ltr'><em>era</em></span> <span class='ocrx_word' id='word_1_43' title='bbox 1554 1430 1663 1543; x_wconf 83' lang='lat' dir='ltr'><em>ineo</em></span> <span class='ocrx_word' id='word_1_44' title='bbox 1671 1425 1980 1566; x_wconf 67' lang='lat' dir='ltr'><em>investigando</em></span> <span class='ocrx_word' id='word_1_45' title='bbox 1996 1455 2106 1528; x_wconf 84' lang='lat' dir='ltr'><em>urun-</em></span> 
     </span>
     <span class='ocr_line' id='line_1_7' title="bbox 437 1453 2103 1702; baseline -0.009 -30"><span class='ocrx_word' id='word_1_46' title='bbox 437 1605 526 1686; x_wconf 73' lang='lat' dir='ltr'><em>tur,</em></span> <span class='ocrx_word' id='word_1_47' title='bbox 544 1557 1064 1702; x_wconf 68' lang='lat' dir='ltr'><em>fushujufiebstamiu.</em></span> <span class='ocrx_word' id='word_1_48' title='bbox 1103 1453 1561 1694; x_wconf 59' lang='lat' dir='ltr'><em>‚Osteoeolumldinim</em></span> <span class='ocrx_word' id='word_1_49' title='bbox 1577 1587 1750 1667; x_wconf 84' lang='lat' dir='ltr'><em>erutum</em></span> <span class='ocrx_word' id='word_1_50' title='bbox 1768 1559 2003 1693; x_wconf 84' lang='lat' dir='ltr'><em>molleefl,</em></span> <span class='ocrx_word' id='word_1_51' title='bbox 2015 1558 2103 1693; x_wconf 74' lang='lat' dir='ltr'><em>[riu</em></span> 
     </span>
     <span class='ocr_line' id='line_1_8' title="bbox 437 1692 2151 1828; baseline -0.013 -16"><span class='ocrx_word' id='word_1_52' title='bbox 437 1711 523 1814; x_wconf 81' lang='lat' dir='ltr'><em>bile</em></span> <span class='ocrx_word' id='word_1_53' title='bbox 549 1727 693 1804; x_wconf 83' lang='lat' dir='ltr'><em>tamen</em></span> <span class='ocrx_word' id='word_1_54' title='bbox 731 1701 867 1828; x_wconf 76' lang='lat' dir='ltr'><em>magii</em></span> <span class='ocrx_word' id='word_1_55' title='bbox 896 1726 1034 1828; x_wconf 83' lang='lat' dir='ltr'><em>quam</em></span> <span class='ocrx_word' id='word_1_56' title='bbox 1050 1692 1242 1806; x_wconf 58' lang='lat' dir='ltr'><em>ludiim</em></span> <span class='ocrx_word' id='word_1_57' title='bbox 1286 1725 1390 1793; x_wconf 83' lang='lat' dir='ltr'><em>nam</em></span> <span class='ocrx_word' id='word_1_58' title='bbox 1403 1693 1671 1825; x_wconf 79' lang='lat' dir='ltr'><em>semihoram</em></span> <span class='ocrx_word' id='word_1_59' title='bbox 1688 1696 1913 1825; x_wconf 84' lang='lat' dir='ltr'><em>velpaulo</em></span> <span class='ocrx_word' id='word_1_60' title='bbox 1933 1698 2099 1824; x_wconf 79' lang='lat' dir='ltr'><em>ampliu</em></span> <span class='ocrx_word' id='word_1_61' title='bbox 2150 1701 2151 1770; x_wconf 77' lang='lat' dir='ltr'><em>l</em></span> 
     </span>
     <span class='ocr_line' id='line_1_9' title="bbox 434 1821 2098 1976; baseline -0.009 -35"><span class='ocrx_word' id='word_1_62' title='bbox 434 1844 511 1976; x_wconf 78' lang='lat' dir='ltr'><em>[oli</em></span> <span class='ocrx_word' id='word_1_63' title='bbox 529 1827 784 1967; x_wconf 73' lang='lat' dir='ltr'><em>expeifitum,</em></span> <span class='ocrx_word' id='word_1_64' title='bbox 802 1830 925 1928; x_wconf 81' lang='lat' dir='ltr'><em>illam</em></span> <span class='ocrx_word' id='word_1_65' title='bbox 951 1829 1132 1958; x_wconf 69' lang='lat' dir='ltr'><em>acquirit</em></span> <span class='ocrx_word' id='word_1_66' title='bbox 1145 1827 1379 1953; x_wconf 66' lang='lat' dir='ltr'><em>duritiem,</em></span> <span class='ocrx_word' id='word_1_67' title='bbox 1394 1859 1477 1958; x_wconf 82' lang='lat' dir='ltr'><em>que</em></span> <span class='ocrx_word' id='word_1_68' title='bbox 1495 1828 1657 1928; x_wconf 74' lang='lat' dir='ltr'><em>veniale</em></span> <span class='ocrx_word' id='word_1_69' title='bbox 1672 1830 1719 1926; x_wconf 88' lang='lat' dir='ltr'><em>in</em></span> <span class='ocrx_word' id='word_1_70' title='bbox 1753 1831 1925 1960; x_wconf 66' lang='lat' dir='ltr'><em>ffcinia</em></span> <span class='ocrx_word' id='word_1_71' title='bbox 1941 1821 2098 1962; x_wconf 75' lang='lat' dir='ltr'><em>proflat.</em></span> 
     </span>
     <span class='ocr_line' id='line_1_10' title="bbox 437 1953 2151 2108; baseline -0.017 -28"><span class='ocrx_word' id='word_1_72' title='bbox 437 1975 604 2108; x_wconf 76' lang='lat' dir='ltr'><em>Species</em></span> <span class='ocrx_word' id='word_1_73' title='bbox 614 1960 1153 2096; x_wconf 74' lang='lat' dir='ltr'><em>Marguevidetuneujue.</em></span> <span class='ocrx_word' id='word_1_74' title='bbox 1166 1959 1557 2092; x_wconf 82' lang='lat' dir='ltr'><em>iugensinvieinia</em></span> <span class='ocrx_word' id='word_1_75' title='bbox 1574 1953 1792 2092; x_wconf 80' lang='lat' dir='ltr'><em>Osteocoli</em></span> <span class='ocrx_word' id='word_1_76' title='bbox 1809 1963 1947 2092; x_wconf 80' lang='lat' dir='ltr'><em>copia.</em></span> <span class='ocrx_word' id='word_1_77' title='bbox 2015 1966 2097 2060; x_wconf 78' lang='lat' dir='ltr'><em>Cau·</em></span> <span class='ocrx_word' id='word_1_78' title='bbox 2150 1965 2151 2020; x_wconf 68' lang='lat' dir='ltr'><em>l</em></span> 
     </span>
     <span class='ocr_line' id='line_1_11' title="bbox 423 2086 2096 2252; baseline -0.008 -47"><span class='ocrx_word' id='word_1_79' title='bbox 423 2093 719 2252; x_wconf 72' lang='lat' dir='ltr'><em>fiedivifionie</em></span> <span class='ocrx_word' id='word_1_80' title='bbox 735 2097 782 2194; x_wconf 87' lang='lat' dir='ltr'><em>in</em></span> <span class='ocrx_word' id='word_1_81' title='bbox 801 2117 870 2194; x_wconf 86' lang='lat' dir='ltr'><em>tot</em></span> <span class='ocrx_word' id='word_1_82' title='bbox 885 2123 1071 2194; x_wconf 79' lang='lat' dir='ltr'><em>ramore</em></span> <span class='ocrx_word' id='word_1_83' title='bbox 1088 2089 1311 2206; x_wconf 76' lang='lat' dir='ltr'><em>radicibus,</em></span> <span class='ocrx_word' id='word_1_84' title='bbox 1322 2086 1474 2222; x_wconf 75' lang='lat' dir='ltr'><em>fiebter</em></span> <span class='ocrx_word' id='word_1_85' title='bbox 1488 2091 1669 2221; x_wconf 83' lang='lat' dir='ltr'><em>terra&#39;se</em></span> <span class='ocrx_word' id='word_1_86' title='bbox 1685 2089 1833 2228; x_wconf 81' lang='lat' dir='ltr'><em>pnffim</em></span> <span class='ocrx_word' id='word_1_87' title='bbox 1850 2089 2096 2231; x_wconf 79' lang='lat' dir='ltr'><em>diffundenti</em></span> 
     </span>
    </p>

    <p class='ocr_par' dir='ltr' id='par_1_4' title="bbox 397 2217 2096 2754">
     <span class='ocr_line' id='line_1_12' title="bbox 397 2217 2095 2367; baseline -0.003 -36"><span class='ocrx_word' id='word_1_88' title='bbox 397 2327 403 2340; x_wconf 77' lang='grc'><strong><em>,</em></strong></span> <span class='ocrx_word' id='word_1_89' title='bbox 436 2247 540 2350; x_wconf 74' lang='lat' dir='ltr'><em>hin,</em></span> <span class='ocrx_word' id='word_1_90' title='bbox 555 2229 788 2367; x_wconf 81' lang='lat' dir='ltr'><em>provenire</em></span> <span class='ocrx_word' id='word_1_91' title='bbox 802 2247 1039 2336; x_wconf 63' lang='lat' dir='ltr'><em>autuman·</em></span> <span class='ocrx_word' id='word_1_92' title='bbox 1071 2225 1171 2338; x_wconf 84' lang='lat' dir='ltr'><em>inde</em></span> <span class='ocrx_word' id='word_1_93' title='bbox 1187 2218 1266 2358; x_wconf 82' lang='lat' dir='ltr'><em>est,</em></span> <span class='ocrx_word' id='word_1_94' title='bbox 1302 2225 1505 2356; x_wconf 82' lang='lat' dir='ltr'><em>quodper</em></span> <span class='ocrx_word' id='word_1_95' title='bbox 1519 2217 1794 2352; x_wconf 74' lang='lat' dir='ltr'><em>Osteocolum</em></span> <span class='ocrx_word' id='word_1_96' title='bbox 1811 2218 1991 2358; x_wconf 80' lang='lat' dir='ltr'><em>semper</em></span> <span class='ocrx_word' id='word_1_97' title='bbox 2019 2252 2095 2356; x_wconf 82' lang='lat' dir='ltr'><em>por·</em></span> 
     </span>
     <span class='ocr_line' id='line_1_13' title="bbox 436 2347 2096 2510; baseline -0.01 -38"><span class='ocrx_word' id='word_1_98' title='bbox 436 2362 757 2510; x_wconf 80' lang='lat' dir='ltr'><em>rigiturmelia</em></span> <span class='ocrx_word' id='word_1_99' title='bbox 776 2349 1229 2489; x_wconf 58' lang='lat' dir='ltr'><em>inconsonum-quae</em></span> <span class='ocrx_word' id='word_1_100' title='bbox 1245 2352 1416 2456; x_wconf 83' lang='lat' dir='ltr'><em>indubie</em></span> <span class='ocrx_word' id='word_1_101' title='bbox 1433 2347 1587 2456; x_wconf 76' lang='lat' dir='ltr'><em>redirit</em></span> <span class='ocrx_word' id='word_1_102' title='bbox 1598 2384 1741 2486; x_wconf 65' lang='lat' dir='ltr'><em>persa</em></span> <span class='ocrx_word' id='word_1_103' title='bbox 1763 2359 1883 2460; x_wconf 86' lang='lat' dir='ltr'>addit</span> <span class='ocrx_word' id='word_1_104' title='bbox 1901 2363 1987 2456; x_wconf 86' lang='lat' dir='ltr'><em>alia</em></span> <span class='ocrx_word' id='word_1_105' title='bbox 2004 2394 2096 2494; x_wconf 88' lang='lat' dir='ltr'><em>quo-</em></span> 
     </span>
     <span class='ocr_line' id='line_1_14' title="bbox 435 2489 2092 2642; baseline -0.005 -45"><span class='ocrx_word' id='word_1_106' title='bbox 435 2541 549 2642; x_wconf 83' lang='lat' dir='ltr'><em>que,</em></span> <span class='ocrx_word' id='word_1_107' title='bbox 575 2527 689 2632; x_wconf 84' lang='lat' dir='ltr'><em>quae</em></span> <span class='ocrx_word' id='word_1_108' title='bbox 707 2507 998 2593; x_wconf 84' lang='lat' dir='ltr'><em>attentionem</em></span> <span class='ocrx_word' id='word_1_109' title='bbox 1015 2521 1255 2602; x_wconf 85' lang='lat' dir='ltr'><em>merentur,</em></span> <span class='ocrx_word' id='word_1_110' title='bbox 1271 2527 1295 2586; x_wconf 89' lang='lat' dir='ltr'><em>a</em></span> <span class='ocrx_word' id='word_1_111' title='bbox 1311 2489 1437 2586; x_wconf 83' lang='lat' dir='ltr'><em>nobis</em></span> <span class='ocrx_word' id='word_1_112' title='bbox 1448 2489 1666 2588; x_wconf 83' lang='lat' dir='ltr'><em>brevitatis</em></span> <span class='ocrx_word' id='word_1_113' title='bbox 1677 2527 1833 2588; x_wconf 86' lang='lat' dir='ltr'><em>amore</em></span> <span class='ocrx_word' id='word_1_114' title='bbox 1847 2505 2092 2626; x_wconf 76' lang='lat' dir='ltr'><em>praetenui·</em></span> 
     </span>
     <span class='ocr_line' id='line_1_15' title="bbox 430 2617 2086 2754; baseline -0.004 -24"><span class='ocrx_word' id='word_1_115' title='bbox 430 2637 580 2744; x_wconf 72' lang='lat' dir='ltr'><em>tenda.</em></span> <span class='ocrx_word' id='word_1_116' title='bbox 646 2629 775 2734; x_wconf 81' lang='lat' dir='ltr'><em>Plura</em></span> <span class='ocrx_word' id='word_1_117' title='bbox 801 2633 922 2732; x_wconf 87' lang='lat' dir='ltr'><em>enirn</em></span> <span class='ocrx_word' id='word_1_118' title='bbox 954 2622 1010 2721; x_wconf 93' lang='lat' dir='ltr'><em>de</em></span> <span class='ocrx_word' id='word_1_119' title='bbox 1032 2657 1079 2718; x_wconf 91' lang='lat' dir='ltr'><em>re</em></span> <span class='ocrx_word' id='word_1_120' title='bbox 1098 2628 1264 2754; x_wconf 90' lang='lat' dir='ltr'><em>ubique</em></span> <span class='ocrx_word' id='word_1_121' title='bbox 1287 2617 1419 2722; x_wconf 88' lang='lat' dir='ltr'><em>obvia</em></span> <span class='ocrx_word' id='word_1_122' title='bbox 1435 2621 1693 2724; x_wconf 81' lang='lat' dir='ltr'><em>diecrenon</em></span> <span class='ocrx_word' id='word_1_123' title='bbox 1726 2627 1841 2737; x_wconf 83' lang='lat' dir='ltr'><em>licet.</em></span> <span class='ocrx_word' id='word_1_124' title='bbox 1906 2625 2086 2748; x_wconf 78' lang='lat' dir='ltr'><em>Ejusdem</em></span> 
     </span>
    </p>
   </div>
   <div class='ocr_carea' id='block_1_4' title="bbox 313 2759 2078 4759">
    <p class='ocr_par' dir='ltr' id='par_1_5' title="bbox 431 2759 1580 2874">
     <span class='ocr_line' id='line_1_16' title="bbox 431 2759 1580 2874; baseline -0.025 0"><span class='ocrx_word' id='word_1_125' title='bbox 431 2773 666 2874; x_wconf 76' lang='lat' dir='ltr'><em>commatis</em></span> <span class='ocrx_word' id='word_1_126' title='bbox 690 2759 895 2862; x_wconf 86' lang='lat' dir='ltr'><em>videntur</em></span> <span class='ocrx_word' id='word_1_127' title='bbox 1559 2846 1580 2866; x_wconf 56' lang='grc'><em>,,</em></span> 
     </span>
    </p>

    <p class='ocr_par' dir='ltr' id='par_1_6' title="bbox 347 2873 2075 4334">
     <span class='ocr_line' id='line_1_17' title="bbox 581 2873 2075 3020; baseline -0.008 -22"><span class='ocrx_word' id='word_1_128' title='bbox 581 2887 984 3000; x_wconf 68' lang='lat' dir='ltr'><em>ultionum,</em></span> <span class='ocrx_word' id='word_1_129' title='bbox 1032 2889 1102 2998; x_wconf 84' lang='lat' dir='ltr'><em>vel</em></span> <span class='ocrx_word' id='word_1_130' title='bbox 1133 2893 1281 3020; x_wconf 85' lang='lat' dir='ltr'><em>potius</em></span> <span class='ocrx_word' id='word_1_131' title='bbox 1310 2873 1502 3019; x_wconf 81' lang='lat' dir='ltr'><em>Hulostei</em></span> <span class='ocrx_word' id='word_1_132' title='bbox 1524 2881 1712 3003; x_wconf 85' lang='lat' dir='ltr'><em>dicendi,</em></span> <span class='ocrx_word' id='word_1_133' title='bbox 1739 2921 1844 2986; x_wconf 89' lang='lat' dir='ltr'><em>cum</em></span> <span class='ocrx_word' id='word_1_134' title='bbox 1870 2921 1973 2986; x_wconf 91' lang='lat' dir='ltr'><em>non</em></span> <span class='ocrx_word' id='word_1_135' title='bbox 1999 2886 2075 2986; x_wconf 67' lang='lat' dir='ltr'><em>dile</em></span> 
     </span>
     <span class='ocr_line' id='line_1_18' title="bbox 433 3016 2070 3154; baseline -0.015 -14"><span class='ocrx_word' id='word_1_136' title='bbox 433 3063 531 3140; x_wconf 84' lang='lat' dir='ltr'><em>rant</em></span> <span class='ocrx_word' id='word_1_137' title='bbox 560 3033 699 3130; x_wconf 88' lang='lat' dir='ltr'><em>ferme</em></span> <span class='ocrx_word' id='word_1_138' title='bbox 716 3019 1066 3152; x_wconf 14' lang='lat' dir='ltr'><em>abAOlieocollo,</em></span> <span class='ocrx_word' id='word_1_139' title='bbox 1089 3019 1164 3120; x_wconf 78' lang='lat' dir='ltr'><em>nisi</em></span> <span class='ocrx_word' id='word_1_140' title='bbox 1183 3016 1311 3152; x_wconf 90' lang='lat' dir='ltr'><em>quod</em></span> <span class='ocrx_word' id='word_1_141' title='bbox 1329 3017 1447 3114; x_wconf 87' lang='lat' dir='ltr'><em>nulla</em></span> <span class='ocrx_word' id='word_1_142' title='bbox 1464 3030 1646 3118; x_wconf 82' lang='lat' dir='ltr'><em>cavitate</em></span> <span class='ocrx_word' id='word_1_143' title='bbox 1664 3016 1744 3114; x_wconf 86' lang='lat' dir='ltr'><em>sint</em></span> <span class='ocrx_word' id='word_1_144' title='bbox 1754 3021 1952 3154; x_wconf 82' lang='lat' dir='ltr'><em>praediti,</em></span> <span class='ocrx_word' id='word_1_145' title='bbox 1973 3017 2070 3118; x_wconf 76' lang='lat' dir='ltr'><em>selu</em></span> 
     </span>
     <span class='ocr_line' id='line_1_19' title="bbox 433 3152 2073 3299; baseline -0.011 -31"><span class='ocrx_word' id='word_1_146' title='bbox 433 3183 468 3272; x_wconf 85' lang='lat' dir='ltr'><em>ri</em></span> <span class='ocrx_word' id='word_1_147' title='bbox 485 3169 638 3299; x_wconf 85' lang='lat' dir='ltr'><em>repleti</em></span> <span class='ocrx_word' id='word_1_148' title='bbox 660 3166 840 3258; x_wconf 84' lang='lat' dir='ltr'><em>materia</em></span> <span class='ocrx_word' id='word_1_149' title='bbox 856 3153 1033 3264; x_wconf 74' lang='lat' dir='ltr'><em>{tiabilit</em></span> <span class='ocrx_word' id='word_1_150' title='bbox 1067 3162 1160 3250; x_wconf 89' lang='lat' dir='ltr'><em>imo</em></span> <span class='ocrx_word' id='word_1_151' title='bbox 1185 3158 1344 3284; x_wconf 85' lang='lat' dir='ltr'><em>reperit</em></span> <span class='ocrx_word' id='word_1_152' title='bbox 1364 3179 1488 3282; x_wconf 87' lang='lat' dir='ltr'><em>quoq</em></span> <span class='ocrx_word' id='word_1_153' title='bbox 1496 3187 1549 3262; x_wconf 89' lang='lat' dir='ltr'><em>ue</em></span> <span class='ocrx_word' id='word_1_154' title='bbox 1558 3152 1717 3248; x_wconf 86' lang='lat' dir='ltr'><em>Excell.</em></span> <span class='ocrx_word' id='word_1_155' title='bbox 1740 3153 2073 3254; x_wconf 68' lang='lat' dir='ltr'><em>Pecmartntnlt</em></span> 
     </span>
     <span class='ocr_line' id='line_1_20' title="bbox 433 3281 2075 3438; baseline -0.013 -38"><span class='ocrx_word' id='word_1_156' title='bbox 433 3294 696 3438; x_wconf 78' lang='lat' dir='ltr'><em>Osseocollon</em></span> <span class='ocrx_word' id='word_1_157' title='bbox 719 3297 891 3418; x_wconf 78' lang='lat' dir='ltr'><em>penitus</em></span> <span class='ocrx_word' id='word_1_158' title='bbox 926 3319 1020 3385; x_wconf 92' lang='lat' dir='ltr'><em>non</em></span> <span class='ocrx_word' id='word_1_159' title='bbox 1038 3321 1220 3397; x_wconf 71' lang='lat' dir='ltr'><em>cavum,</em></span> <span class='ocrx_word' id='word_1_160' title='bbox 1239 3283 1317 3380; x_wconf 89' lang='lat' dir='ltr'><em>ubi</em></span> <span class='ocrx_word' id='word_1_161' title='bbox 1344 3281 1604 3398; x_wconf 84' lang='lat' dir='ltr'><em>observavit,</em></span> <span class='ocrx_word' id='word_1_162' title='bbox 1629 3282 1740 3379; x_wconf 86' lang='lat' dir='ltr'><em>illud</em></span> <span class='ocrx_word' id='word_1_163' title='bbox 1767 3320 1862 3382; x_wconf 89' lang='lat' dir='ltr'><em>uon</em></span> <span class='ocrx_word' id='word_1_164' title='bbox 1890 3282 2075 3386; x_wconf 83' lang='lat' dir='ltr'><em>adhaefillr</em></span> 
     </span>
     <span class='ocr_line' id='line_1_21' title="bbox 432 3407 2074 3554; baseline -0.015 -16"><span class='ocrx_word' id='word_1_165' title='bbox 432 3449 602 3538; x_wconf 84' lang='lat' dir='ltr'><em>circum</em></span> <span class='ocrx_word' id='word_1_166' title='bbox 629 3419 780 3524; x_wconf 71' lang='lat' dir='ltr'><em>crass&#39;ae</em></span> <span class='ocrx_word' id='word_1_167' title='bbox 805 3419 965 3532; x_wconf 87' lang='lat' dir='ltr'><em>radici,</em></span> <span class='ocrx_word' id='word_1_168' title='bbox 993 3429 1103 3554; x_wconf 89' lang='lat' dir='ltr'><em>quin</em></span> <span class='ocrx_word' id='word_1_169' title='bbox 1123 3411 1269 3549; x_wconf 69' lang='lat' dir='ltr'><em>potiu&#39;r</em></span> <span class='ocrx_word' id='word_1_170' title='bbox 1286 3407 1419 3512; x_wconf 83' lang='lat' dir='ltr'><em>semet</em></span> <span class='ocrx_word' id='word_1_171' title='bbox 1444 3411 1659 3549; x_wconf 73' lang='lat' dir='ltr'><em>collegisse</em></span> <span class='ocrx_word' id='word_1_172' title='bbox 1677 3424 1841 3518; x_wconf 90' lang='lat' dir='ltr'><em>circum</em></span> <span class='ocrx_word' id='word_1_173' title='bbox 1862 3423 2074 3552; x_wconf 79' lang='lat' dir='ltr'><em>comploret</em></span> 
     </span>
     <span class='ocr_line' id='line_1_22' title="bbox 431 3546 2071 3684; baseline -0.017 -15"><span class='ocrx_word' id='word_1_174' title='bbox 431 3569 561 3670; x_wconf 79' lang='lat' dir='ltr'><em>fibrae</em></span> <span class='ocrx_word' id='word_1_175' title='bbox 571 3591 743 3667; x_wconf 86' lang='lat' dir='ltr'><em>tenues,</em></span> <span class='ocrx_word' id='word_1_176' title='bbox 773 3553 891 3650; x_wconf 90' lang='lat' dir='ltr'><em>unde</em></span> <span class='ocrx_word' id='word_1_177' title='bbox 909 3561 1040 3648; x_wconf 85' lang='lat' dir='ltr'><em>etiam</em></span> <span class='ocrx_word' id='word_1_178' title='bbox 1058 3548 1272 3669; x_wconf 84' lang='lat' dir='ltr'><em>ejusmodi</em></span> <span class='ocrx_word' id='word_1_179' title='bbox 1289 3546 1583 3648; x_wconf 86' lang='lat' dir='ltr'><em>Osteocollon</em></span> <span class='ocrx_word' id='word_1_180' title='bbox 1602 3547 1812 3682; x_wconf 85' lang='lat' dir='ltr'><em>adeptum</em></span> <span class='ocrx_word' id='word_1_181' title='bbox 1831 3547 2071 3684; x_wconf 87' lang='lat' dir='ltr'><em>fueratporu</em></span> 
     </span>
     <span class='ocr_line' id='line_1_23' title="bbox 433 3681 2063 3836; baseline -0.012 -38"><span class='ocrx_word' id='word_1_182' title='bbox 433 3739 511 3836; x_wconf 88' lang='lat' dir='ltr'><em>per</em></span> <span class='ocrx_word' id='word_1_183' title='bbox 529 3723 669 3796; x_wconf 86' lang='lat' dir='ltr'><em>totum</em></span> <span class='ocrx_word' id='word_1_184' title='bbox 688 3683 1024 3816; x_wconf 84' lang='lat' dir='ltr'><em>longitudinem,</em></span> <span class='ocrx_word' id='word_1_185' title='bbox 1044 3683 1113 3780; x_wconf 82' lang='lat' dir='ltr'><em>led</em></span> <span class='ocrx_word' id='word_1_186' title='bbox 1127 3717 1222 3778; x_wconf 90' lang='lat' dir='ltr'><em>non</em></span> <span class='ocrx_word' id='word_1_187' title='bbox 1241 3692 1492 3793; x_wconf 85' lang='lat' dir='ltr'><em>cavitatem,</em></span> <span class='ocrx_word' id='word_1_188' title='bbox 1530 3707 1665 3812; x_wconf 87' lang='lat' dir='ltr'><em>prout</em></span> <span class='ocrx_word' id='word_1_189' title='bbox 1680 3685 1861 3804; x_wconf 86' lang='lat' dir='ltr'><em>alterurn</em></span> <span class='ocrx_word' id='word_1_190' title='bbox 1880 3681 2063 3788; x_wconf 83' lang='lat' dir='ltr'><em>Osteorol</em></span> 
     </span>
     <span class='ocr_line' id='line_1_24' title="bbox 431 3811 2055 3936; baseline -0.015 0"><span class='ocrx_word' id='word_1_191' title='bbox 431 3837 513 3936; x_wconf 83' lang='lat' dir='ltr'><em>lon</em></span> <span class='ocrx_word' id='word_1_192' title='bbox 533 3857 706 3929; x_wconf 85' lang='lat' dir='ltr'><em>cavum.</em></span> <span class='ocrx_word' id='word_1_193' title='bbox 717 3811 1143 3918; x_wconf 81' lang='lat' dir='ltr'><em>Osteocollosnniles</em></span> <span class='ocrx_word' id='word_1_194' title='bbox 1161 3815 1457 3910; x_wconf 86' lang='lat' dir='ltr'><em>velcertenon</em></span> <span class='ocrx_word' id='word_1_195' title='bbox 1468 3813 1824 3914; x_wconf 86' lang='lat' dir='ltr'><em>multumdissant</em></span> <span class='ocrx_word' id='word_1_196' title='bbox 1833 3813 2055 3926; x_wconf 71' lang='lat' dir='ltr'><em>touillon</em></span> 
     </span>
     <span class='ocr_line' id='line_1_25' title="bbox 431 3944 2058 4096; baseline -0.012 -37"><span class='ocrx_word' id='word_1_197' title='bbox 431 3957 661 4096; x_wconf 78' lang='lat' dir='ltr'><em>dequibus</em></span> <span class='ocrx_word' id='word_1_198' title='bbox 684 3944 1197 4051; x_wconf 81' lang='lat' dir='ltr'><em>immortalisWelschiue</em></span> <span class='ocrx_word' id='word_1_199' title='bbox 1217 3945 1479 4053; x_wconf 85' lang='lat' dir='ltr'><em>Hecatost.1.</em></span> <span class='ocrx_word' id='word_1_200' title='bbox 1499 3984 1541 4078; x_wconf 86' lang='lat' dir='ltr'><em>p.</em></span> <span class='ocrx_word' id='word_1_201' title='bbox 1555 3966 1632 4057; x_wconf 81' lang='grc'><em>36.</em></span> <span class='ocrx_word' id='word_1_202' title='bbox 1653 3945 1769 4046; x_wconf 77' lang='lat' dir='ltr'><em>forte</em></span> <span class='ocrx_word' id='word_1_203' title='bbox 1789 3945 2058 4089; x_wconf 67' lang='lat' dir='ltr'><em>Geodeajlnut</em></span> 
     </span>
     <span class='ocr_line' id='line_1_26' title="bbox 347 4059 2062 4226; baseline -0.006 -29"><span class='ocrx_word' id='word_1_204' title='bbox 347 4087 361 4112; x_wconf 64' lang='lat'>⁸</span> <span class='ocrx_word' id='word_1_205' title='bbox 432 4074 953 4226; x_wconf 75' lang='lat' dir='ltr'><em>oblongaspeciessereorla</em></span> <span class='ocrx_word' id='word_1_206' title='bbox 969 4080 1124 4187; x_wconf 78' lang='lat' dir='ltr'><em>canini.</em></span> <span class='ocrx_word' id='word_1_207' title='bbox 1138 4077 1194 4176; x_wconf 89' lang='lat' dir='ltr'><em>de</em></span> <span class='ocrx_word' id='word_1_208' title='bbox 1215 4113 1311 4211; x_wconf 90' lang='lat' dir='ltr'><em>quo</em></span> <span class='ocrx_word' id='word_1_209' title='bbox 1329 4079 1417 4190; x_wconf 81' lang='lat' dir='ltr'><em>vid.</em></span> <span class='ocrx_word' id='word_1_210' title='bbox 1446 4080 1605 4178; x_wconf 85' lang='lat' dir='ltr'><em>Excell.</em></span> <span class='ocrx_word' id='word_1_211' title='bbox 1633 4081 1817 4180; x_wconf 75' lang='lat' dir='ltr'><em>Beierut</em></span> <span class='ocrx_word' id='word_1_212' title='bbox 1831 4081 1881 4182; x_wconf 82' lang='lat' dir='ltr'><em>in</em></span> <span class='ocrx_word' id='word_1_213' title='bbox 1902 4059 2062 4214; x_wconf 75' lang='lat' dir='ltr'><em>Ondogl.</em></span> 
     </span>
     <span class='ocr_line' id='line_1_27' title="bbox 431 4234 964 4334; baseline 0 -2"><span class='ocrx_word' id='word_1_214' title='bbox 431 4234 541 4332; x_wconf 84' lang='lat' dir='ltr'><em>Not.</em></span> <span class='ocrx_word' id='word_1_215' title='bbox 595 4258 693 4334; x_wconf 84' lang='lat'><strong>·33·</strong></span> <span class='ocrx_word' id='word_1_216' title='bbox 815 4301 817 4308; x_wconf 91' lang='lat'>-</span> <span class='ocrx_word' id='word_1_217' title='bbox 960 4270 964 4280; x_wconf 89' lang='lat'><em>·</em></span> 
     </span>
    </p>

    <p class='ocr_par' dir='ltr' id='par_1_7' title="bbox 313 4262 2078 4759">
     <span class='ocr_line' id='line_1_28' title="bbox 564 4262 2073 4458; baseline -0.007 -7"><span class='ocrx_word' id='word_1_218' title='bbox 564 4262 905 4458; x_wconf 67' lang='lat' dir='ltr'><em>PHOPLlffl</em></span> <span class='ocrx_word' id='word_1_219' title='bbox 928 4347 1076 4458; x_wconf 83' lang='lat' dir='ltr'><em>CVM</em></span> <span class='ocrx_word' id='word_1_220' title='bbox 1099 4343 1336 4446; x_wconf 82' lang='lat' dir='ltr'><em>LAPIDE</em></span> <span class='ocrx_word' id='word_1_221' title='bbox 1356 4341 1415 4444; x_wconf 84' lang='lat' dir='ltr'><em>est</em></span> <span class='ocrx_word' id='word_1_222' title='bbox 1434 4381 1575 4444; x_wconf 90' lang='lat' dir='ltr'><em>cornu</em></span> <span class='ocrx_word' id='word_1_223' title='bbox 1592 4355 1823 4446; x_wconf 82' lang='lat' dir='ltr'><em>Ammonis</em></span> <span class='ocrx_word' id='word_1_224' title='bbox 1853 4357 2016 4452; x_wconf 85' lang='lat' dir='ltr'><em>matrici</em></span> <span class='ocrx_word' id='word_1_225' title='bbox 2031 4341 2073 4442; x_wconf 81' lang='lat' dir='ltr'><em>ad</em></span> 
     </span>
     <span class='ocr_line' id='line_1_29' title="bbox 313 4473 2074 4619; baseline -0.01 -28"><span class='ocrx_word' id='word_1_226' title='bbox 313 4516 316 4524; x_wconf 90' lang='grc'>’</span> <span class='ocrx_word' id='word_1_227' title='bbox 427 4491 639 4599; x_wconf 79' lang='lat' dir='ltr'><em>haerens,</em></span> <span class='ocrx_word' id='word_1_228' title='bbox 655 4478 785 4614; x_wconf 90' lang='lat' dir='ltr'><em>quod</em></span> <span class='ocrx_word' id='word_1_229' title='bbox 805 4511 910 4574; x_wconf 91' lang='lat' dir='ltr'><em>cum</em></span> <span class='ocrx_word' id='word_1_230' title='bbox 932 4476 1071 4573; x_wconf 82' lang='lat' dir='ltr'><em>ierrea</em></span> <span class='ocrx_word' id='word_1_231' title='bbox 1089 4473 1140 4570; x_wconf 82' lang='lat' dir='ltr'><em>sit</em></span> <span class='ocrx_word' id='word_1_232' title='bbox 1164 4507 1393 4592; x_wconf 79' lang='lat' dir='ltr'><em>armanni,</em></span> <span class='ocrx_word' id='word_1_233' title='bbox 1413 4480 1610 4610; x_wconf 77' lang='lat' dir='ltr'><em>Hoplttes</em></span> <span class='ocrx_word' id='word_1_234' title='bbox 1629 4511 1838 4592; x_wconf 82' lang='lat' dir='ltr'><em>vocatur,</em></span> <span class='ocrx_word' id='word_1_235' title='bbox 1856 4481 1915 4578; x_wconf 90' lang='lat' dir='ltr'><em>de</em></span> <span class='ocrx_word' id='word_1_236' title='bbox 1939 4478 2074 4619; x_wconf 74' lang='lat' dir='ltr'><em>quola</em></span> 
     </span>
     <span class='ocr_line' id='line_1_30' title="bbox 430 4602 2078 4759; baseline -0.006 -39"><span class='ocrx_word' id='word_1_237' title='bbox 430 4624 531 4759; x_wconf 82' lang='lat' dir='ltr'><em>pide</em></span> <span class='ocrx_word' id='word_1_238' title='bbox 547 4654 652 4720; x_wconf 89' lang='lat' dir='ltr'><em>cum</em></span> <span class='ocrx_word' id='word_1_239' title='bbox 681 4611 794 4715; x_wconf 87' lang='lat' dir='ltr'><em>Tab.</em></span> <span class='ocrx_word' id='word_1_240' title='bbox 820 4643 895 4726; x_wconf 71' lang='lat'><em>34.</em></span> <span class='ocrx_word' id='word_1_241' title='bbox 925 4641 1054 4743; x_wconf 84' lang='lat' dir='ltr'><em>agere</em></span> <span class='ocrx_word' id='word_1_242' title='bbox 1087 4602 1435 4726; x_wconf 82' lang='lat' dir='ltr'><em>decreverimus,</em></span> <span class='ocrx_word' id='word_1_243' title='bbox 1471 4613 1545 4714; x_wconf 91' lang='lat' dir='ltr'><em>hic</em></span> <span class='ocrx_word' id='word_1_244' title='bbox 1564 4615 1732 4714; x_wconf 84' lang='lat' dir='ltr'><em>calamo</em></span> <span class='ocrx_word' id='word_1_245' title='bbox 1764 4609 1990 4714; x_wconf 81' lang='lat' dir='ltr'><em>filentiurn</em></span> <span class='ocrx_word' id='word_1_246' title='bbox 2027 4622 2078 4710; x_wconf 82' lang='lat' dir='ltr'><em>in</em></span> 
     </span>
    </p>
   </div>
   <div class='ocr_carea' id='block_1_5' title="bbox 430 4765 654 4892">
    <p class='ocr_par' dir='ltr' id='par_1_8' title="bbox 430 4765 654 4892">
     <span class='ocr_line' id='line_1_31' title="bbox 430 4765 654 4892; baseline -0.04 -36"><span class='ocrx_word' id='word_1_247' title='bbox 430 4765 654 4892; x_wconf 77' lang='lat' dir='ltr'><em>ponimus.</em></span> 
     </span>
    </p>
   </div>
   <div class='ocr_carea' id='block_1_6' title="bbox 260 4869 2096 6338">
    <p class='ocr_par' dir='ltr' id='par_1_9' title="bbox 260 4869 2096 6338">
     <span class='ocr_line' id='line_1_32' title="bbox 583 4869 2079 5011; baseline -0.009 -26"><span class='ocrx_word' id='word_1_248' title='bbox 583 4869 851 4984; x_wconf 83' lang='lat' dir='ltr'><em>FVNGVS</em></span> <span class='ocrx_word' id='word_1_249' title='bbox 871 4875 958 4975; x_wconf 79' lang='lat' dir='ltr'><em>CV</em></span> <span class='ocrx_word' id='word_1_250' title='bbox 949 4879 1020 4974; x_wconf 86' lang='lat' dir='ltr'><em>M</em></span> <span class='ocrx_word' id='word_1_251' title='bbox 1035 4874 1279 4972; x_wconf 80' lang='lat' dir='ltr'><em>·LAPIDE</em></span> <span class='ocrx_word' id='word_1_252' title='bbox 1313 4872 1484 4972; x_wconf 87' lang='lat' dir='ltr'><em>videtur</em></span> <span class='ocrx_word' id='word_1_253' title='bbox 1502 4907 1758 4975; x_wconf 84' lang='lat' dir='ltr'><em>concretum</em></span> <span class='ocrx_word' id='word_1_254' title='bbox 1768 4872 1981 4994; x_wconf 62' lang='lat' dir='ltr'><em>illudess&#39;e,</em></span> <span class='ocrx_word' id='word_1_255' title='bbox 1991 4871 2079 5011; x_wconf 84' lang='lat' dir='ltr'><em>quod</em></span> 
     </span>
     <span class='ocr_line' id='line_1_33' title="bbox 433 5003 2081 5148; baseline -0.007 -29"><span class='ocrx_word' id='word_1_256' title='bbox 433 5019 510 5120; x_wconf 81' lang='lat' dir='ltr'><em>sub</em></span> <span class='ocrx_word' id='word_1_257' title='bbox 521 5015 623 5148; x_wconf 87' lang='lat' dir='ltr'><em>spon</em></span> <span class='ocrx_word' id='word_1_258' title='bbox 628 5029 725 5148; x_wconf 83' lang='lat' dir='ltr'><em>gine</em></span> <span class='ocrx_word' id='word_1_259' title='bbox 740 5011 950 5140; x_wconf 85' lang='lat' dir='ltr'><em>elegantis</em></span> <span class='ocrx_word' id='word_1_260' title='bbox 968 5019 1147 5105; x_wconf 86' lang='lat' dir='ltr'><em>nomine</em></span> <span class='ocrx_word' id='word_1_261' title='bbox 1165 5003 1383 5136; x_wconf 84' lang='lat' dir='ltr'><em>descripsit</em></span> <span class='ocrx_word' id='word_1_262' title='bbox 1402 5013 1525 5106; x_wconf 84' lang='lat' dir='ltr'><em>Exul.</em></span> <span class='ocrx_word' id='word_1_263' title='bbox 1537 5006 1653 5110; x_wconf 84' lang='lat' dir='ltr'><em>Lilr.</em></span> <span class='ocrx_word' id='word_1_264' title='bbox 1663 5017 1721 5112; x_wconf 90' lang='lat' dir='ltr'><em>V</em></span> <span class='ocrx_word' id='word_1_265' title='bbox 1715 5017 1748 5108; x_wconf 84' lang='lat'><em>1.</em></span> <span class='ocrx_word' id='word_1_266' title='bbox 1768 5045 1857 5143; x_wconf 88' lang='lat' dir='ltr'><em>cap.</em></span> <span class='ocrx_word' id='word_1_267' title='bbox 1865 5016 1930 5108; x_wconf 82' lang='lat' dir='ltr'><em>xl.</em></span> <span class='ocrx_word' id='word_1_268' title='bbox 1952 5011 2081 5112; x_wconf 75' lang='lat' dir='ltr'><em>auu</em></span> 
     </span>
     <span class='ocr_line' id='line_1_34' title="bbox 425 5137 2081 5291; baseline -0.007 -43"><span class='ocrx_word' id='word_1_269' title='bbox 425 5145 541 5291; x_wconf 76' lang='lat' dir='ltr'><em>filu,</em></span> <span class='ocrx_word' id='word_1_270' title='bbox 565 5150 762 5246; x_wconf 86' lang='lat' dir='ltr'><em>inhaeret</em></span> <span class='ocrx_word' id='word_1_271' title='bbox 778 5153 897 5236; x_wconf 90' lang='lat' dir='ltr'><em>enim</em></span> <span class='ocrx_word' id='word_1_272' title='bbox 916 5173 1010 5239; x_wconf 91' lang='lat' dir='ltr'><em>non</em></span> <span class='ocrx_word' id='word_1_273' title='bbox 1030 5149 1175 5238; x_wconf 89' lang='lat' dir='ltr'><em>minus</em></span> <span class='ocrx_word' id='word_1_274' title='bbox 1213 5173 1262 5234; x_wconf 86' lang='lat' dir='ltr'><em>ac</em></span> <span class='ocrx_word' id='word_1_275' title='bbox 1290 5137 1360 5232; x_wconf 90' lang='lat' dir='ltr'><em>ille</em></span> <span class='ocrx_word' id='word_1_276' title='bbox 1378 5141 1502 5272; x_wconf 82' lang='lat' dir='ltr'><em>lapidi</em></span> <span class='ocrx_word' id='word_1_277' title='bbox 1523 5142 1600 5239; x_wconf 87' lang='lat' dir='ltr'><em>suo</em></span> <span class='ocrx_word' id='word_1_278' title='bbox 1618 5141 1844 5242; x_wconf 85' lang='lat' dir='ltr'><em>duriffrmo</em></span> <span class='ocrx_word' id='word_1_279' title='bbox 1871 5153 2081 5278; x_wconf 85' lang='lat' dir='ltr'><em>nigroque.</em></span> 
     </span>
     <span class='ocr_line' id='line_1_35' title="bbox 433 5266 2080 5412; baseline -0.007 -30"><span class='ocrx_word' id='word_1_280' title='bbox 433 5293 613 5412; x_wconf 81' lang='lat' dir='ltr'><em>Fungus</em></span> <span class='ocrx_word' id='word_1_281' title='bbox 632 5278 719 5380; x_wconf 85' lang='lat' dir='ltr'><em>sive</em></span> <span class='ocrx_word' id='word_1_282' title='bbox 735 5273 898 5407; x_wconf 84' lang='lat' dir='ltr'><em>lapidea</em></span> <span class='ocrx_word' id='word_1_283' title='bbox 920 5266 1097 5405; x_wconf 85' lang='lat' dir='ltr'><em>spongia</em></span> <span class='ocrx_word' id='word_1_284' title='bbox 1112 5271 1182 5368; x_wconf 91' lang='lat' dir='ltr'><em>vel</em></span> <span class='ocrx_word' id='word_1_285' title='bbox 1200 5268 1316 5368; x_wconf 84' lang='lat' dir='ltr'><em>floris</em></span> <span class='ocrx_word' id='word_1_286' title='bbox 1338 5285 1539 5408; x_wconf 82' lang='lat' dir='ltr'><em>exprimit</em></span> <span class='ocrx_word' id='word_1_287' title='bbox 1556 5287 1795 5406; x_wconf 82' lang='lat' dir='ltr'><em>imaginem</em></span> <span class='ocrx_word' id='word_1_288' title='bbox 1813 5277 1884 5376; x_wconf 87' lang='lat' dir='ltr'><em>vel</em></span> <span class='ocrx_word' id='word_1_289' title='bbox 1912 5277 2080 5376; x_wconf 77' lang='lat' dir='ltr'><em>infundi</em></span> 
     </span>
     <span class='ocr_line' id='line_1_36' title="bbox 434 5397 2080 5542; baseline -0.007 -25"><span class='ocrx_word' id='word_1_290' title='bbox 434 5417 608 5526; x_wconf 87' lang='lat' dir='ltr'><em>bulum,</em></span> <span class='ocrx_word' id='word_1_291' title='bbox 625 5446 724 5509; x_wconf 88' lang='lat' dir='ltr'><em>narn</em></span> <span class='ocrx_word' id='word_1_292' title='bbox 743 5439 872 5503; x_wconf 69' lang='lat' dir='ltr'><em>caveis</em></span> <span class='ocrx_word' id='word_1_293' title='bbox 891 5405 965 5522; x_wconf 88' lang='lat' dir='ltr'><em>est,</em></span> <span class='ocrx_word' id='word_1_294' title='bbox 983 5410 1029 5501; x_wconf 91' lang='lat' dir='ltr'><em>in</em></span> <span class='ocrx_word' id='word_1_295' title='bbox 1055 5400 1313 5535; x_wconf 87' lang='lat' dir='ltr'><em>infima,qna</em></span> <span class='ocrx_word' id='word_1_296' title='bbox 1337 5403 1439 5503; x_wconf 84' lang='lat' dir='ltr'><em>saxo</em></span> <span class='ocrx_word' id='word_1_297' title='bbox 1456 5406 1668 5530; x_wconf 82' lang='lat' dir='ltr'><em>inhaeret,</em></span> <span class='ocrx_word' id='word_1_298' title='bbox 1685 5439 1805 5540; x_wconf 84' lang='lat' dir='ltr'><em>parte</em></span> <span class='ocrx_word' id='word_1_299' title='bbox 1821 5408 1954 5506; x_wconf 84' lang='lat' dir='ltr'><em>valde</em></span> <span class='ocrx_word' id='word_1_300' title='bbox 1974 5397 2080 5542; x_wconf 73' lang='lat' dir='ltr'><em>ungu</em></span> 
     </span>
     <span class='ocr_line' id='line_1_37' title="bbox 432 5534 2069 5676; baseline -0.007 -28"><span class='ocrx_word' id='word_1_301' title='bbox 432 5549 529 5648; x_wconf 85' lang='lat' dir='ltr'><em>stus.</em></span> <span class='ocrx_word' id='word_1_302' title='bbox 598 5541 768 5642; x_wconf 85' lang='lat' dir='ltr'><em>Confer</em></span> <span class='ocrx_word' id='word_1_303' title='bbox 786 5534 840 5637; x_wconf 76' lang='lat' dir='ltr'><em>(l.</em></span> <span class='ocrx_word' id='word_1_304' title='bbox 863 5536 1115 5640; x_wconf 69' lang='lat' dir='ltr'><em>informium</em></span> <span class='ocrx_word' id='word_1_305' title='bbox 1125 5535 1236 5636; x_wconf 87' lang='lat' dir='ltr'><em>Mus.</em></span> <span class='ocrx_word' id='word_1_306' title='bbox 1253 5573 1293 5670; x_wconf 90' lang='lat' dir='ltr'><em>p.</em></span> <span class='ocrx_word' id='word_1_307' title='bbox 1311 5577 1363 5654; x_wconf 85' lang='lat'><em>23</em></span> <span class='ocrx_word' id='word_1_308' title='bbox 1376 5579 1422 5648; x_wconf 90' lang='lat'><em>7.</em></span> <span class='ocrx_word' id='word_1_309' title='bbox 1488 5537 1561 5635; x_wconf 82' lang='lat' dir='ltr'><em>Est</em></span> <span class='ocrx_word' id='word_1_310' title='bbox 1587 5569 1632 5638; x_wconf 90' lang='lat' dir='ltr'><em>et</em></span> <span class='ocrx_word' id='word_1_311' title='bbox 1651 5547 1778 5676; x_wconf 84' lang='lat' dir='ltr'><em>iungi</em></span> <span class='ocrx_word' id='word_1_312' title='bbox 1797 5541 1955 5672; x_wconf 87' lang='lat' dir='ltr'><em>lapidei</em></span> <span class='ocrx_word' id='word_1_313' title='bbox 1980 5542 2069 5676; x_wconf 73' lang='lat' dir='ltr'><em>spei»</em></span> 
     </span>
     <span class='ocr_line' id='line_1_38' title="bbox 432 5665 2075 5812; baseline -0.002 -30"><span class='ocrx_word' id='word_1_314' title='bbox 432 5719 477 5782; x_wconf 85' lang='lat' dir='ltr'><em>es</em></span> <span class='ocrx_word' id='word_1_315' title='bbox 494 5675 704 5812; x_wconf 77' lang='lat' dir='ltr'><em>Szjamur</em></span> <span class='ocrx_word' id='word_1_316' title='bbox 718 5677 839 5773; x_wconf 78' lang='lat' dir='ltr'><em>laxit</em></span> <span class='ocrx_word' id='word_1_317' title='bbox 860 5669 974 5770; x_wconf 70' lang='lat' dir='ltr'><em>dille</em></span> <span class='ocrx_word' id='word_1_318' title='bbox 995 5681 1190 5788; x_wconf 85' lang='lat' dir='ltr'><em>Javanis,</em></span> <span class='ocrx_word' id='word_1_319' title='bbox 1233 5668 1414 5801; x_wconf 81' lang='lat' dir='ltr'><em>Mulayis</em></span> <span class='ocrx_word' id='word_1_320' title='bbox 1447 5699 1591 5771; x_wconf 86' lang='lat' dir='ltr'><em>autern</em></span> <span class='ocrx_word' id='word_1_321' title='bbox 1612 5665 1888 5808; x_wconf 60' lang='lat' dir='ltr'><em>islandnman</em></span> <span class='ocrx_word' id='word_1_322' title='bbox 1904 5669 2075 5803; x_wconf 56' lang='lat' dir='ltr'><em>Karon&amp;</em></span> 
     </span>
     <span class='ocr_line' id='line_1_39' title="bbox 431 5800 2083 5942; baseline -0.009 -28"><span class='ocrx_word' id='word_1_323' title='bbox 431 5821 519 5922; x_wconf 82' lang='lat' dir='ltr'><em>five</em></span> <span class='ocrx_word' id='word_1_324' title='bbox 539 5811 700 5942; x_wconf 84' lang='lat' dir='ltr'><em>fungus</em></span> <span class='ocrx_word' id='word_1_325' title='bbox 725 5801 917 5932; x_wconf 87' lang='lat' dir='ltr'><em>lapideus</em></span> <span class='ocrx_word' id='word_1_326' title='bbox 938 5800 1358 5930; x_wconf 85' lang='lat' dir='ltr'><em>infundibiliformis‚</em></span> <span class='ocrx_word' id='word_1_327' title='bbox 1375 5803 1517 5907; x_wconf 82' lang='lat' dir='ltr'><em>tuberi</em></span> <span class='ocrx_word' id='word_1_328' title='bbox 1539 5823 1663 5936; x_wconf 82' lang='lat' dir='ltr'><em>regio</em></span> <span class='ocrx_word' id='word_1_329' title='bbox 1683 5807 2083 5919; x_wconf 84' lang='lat' dir='ltr'><em>innascens,usune·</em></span> 
     </span>
     <span class='ocr_line' id='line_1_40' title="bbox 434 5931 2091 6076; baseline -0.002 -31"><span class='ocrx_word' id='word_1_330' title='bbox 434 5951 537 6046; x_wconf 86' lang='lat' dir='ltr'><em>dico</em></span> <span class='ocrx_word' id='word_1_331' title='bbox 554 5943 739 6075; x_wconf 84' lang='lat' dir='ltr'><em>pollens,</em></span> <span class='ocrx_word' id='word_1_332' title='bbox 757 5938 916 6069; x_wconf 87' lang='lat' dir='ltr'><em>dequo</em></span> <span class='ocrx_word' id='word_1_333' title='bbox 928 5935 1184 6034; x_wconf 88' lang='lat' dir='ltr'><em>Herbertde</em></span> <span class='ocrx_word' id='word_1_334' title='bbox 1212 5944 1338 6068; x_wconf 69' lang='lat' dir='ltr'><em>Inger</em></span> <span class='ocrx_word' id='word_1_335' title='bbox 1357 5947 1399 6032; x_wconf 91' lang='lat' dir='ltr'><em>in</em></span> <span class='ocrx_word' id='word_1_336' title='bbox 1411 5931 1961 6076; x_wconf 83' lang='lat' dir='ltr'><em>Epist.·III.adRumphium</em></span> <span class='ocrx_word' id='word_1_337' title='bbox 1978 5947 2091 6044; x_wconf 75' lang='lat' dir='ltr'><em>etEt·</em></span> 
     </span>
     <span class='ocr_line' id='line_1_41' title="bbox 260 6067 2096 6204; baseline -0.005 -24"><span class='ocrx_word' id='word_1_338' title='bbox 260 6191 264 6202; x_wconf 45' lang='grc'><em>,</em></span> <span class='ocrx_word' id='word_1_339' title='bbox 433 6082 525 6180; x_wconf 82' lang='lat' dir='ltr'><em>ce&#39;ll.</em></span> <span class='ocrx_word' id='word_1_340' title='bbox 539 6075 713 6174; x_wconf 76' lang='lat' dir='ltr'><em>Valent.</em></span> <span class='ocrx_word' id='word_1_341' title='bbox 727 6067 1020 6170; x_wconf 75' lang='lat' dir='ltr'><em>nutriuit.</em></span> <span class='ocrx_word' id='word_1_342' title='bbox 1039 6075 1085 6167; x_wconf 84' lang='grc' dir='ltr'><em>ΙΙ.</em></span> <span class='ocrx_word' id='word_1_343' title='bbox 1095 6106 1136 6204; x_wconf 87' lang='lat' dir='ltr'><em>p.</em></span> <span class='ocrx_word' id='word_1_344' title='bbox 1149 6085 1222 6183; x_wconf 87' lang='lat'><em>96.</em></span> <span class='ocrx_word' id='word_1_345' title='bbox 1258 6081 1326 6168; x_wconf 91' lang='lat' dir='ltr'><em>De</em></span> <span class='ocrx_word' id='word_1_346' title='bbox 1338 6073 1501 6200; x_wconf 86' lang='lat' dir='ltr'><em>Lapide</em></span> <span class='ocrx_word' id='word_1_347' title='bbox 1519 6073 1654 6182; x_wconf 68' lang='lat' dir='ltr'><em>filtro</em></span> <span class='ocrx_word' id='word_1_348' title='bbox 1665 6073 1754 6180; x_wconf 80' lang='lat' dir='ltr'><em>vid</em></span> <span class='ocrx_word' id='word_1_349' title='bbox 1773 6074 1938 6188; x_wconf 77' lang='lat' dir='ltr'><em>Eucefl.</em></span> <span class='ocrx_word' id='word_1_350' title='bbox 1956 6078 2096 6180; x_wconf 84' lang='lat' dir='ltr'><em>Valen-</em></span> 
     </span>
     <span class='ocr_line' id='line_1_42' title="bbox 433 6196 1487 6338; baseline -0.01 -22"><span class='ocrx_word' id='word_1_351' title='bbox 433 6225 513 6316; x_wconf 90' lang='lat' dir='ltr'><em>tini</em></span> <span class='ocrx_word' id='word_1_352' title='bbox 527 6219 572 6310; x_wconf 91' lang='lat' dir='ltr'><em>in</em></span> <span class='ocrx_word' id='word_1_353' title='bbox 592 6205 756 6308; x_wconf 86' lang='lat' dir='ltr'><em>Dissert.</em></span> <span class='ocrx_word' id='word_1_354' title='bbox 768 6202 907 6338; x_wconf 87' lang='lat' dir='ltr'><em>pecul.</em></span> <span class='ocrx_word' id='word_1_355' title='bbox 925 6196 1091 6302; x_wconf 86' lang='lat' dir='ltr'><em>Giessae</em></span> <span class='ocrx_word' id='word_1_356' title='bbox 1115 6209 1170 6312; x_wconf 86' lang='lat' dir='ltr'><em>A.</em></span> <span class='ocrx_word' id='word_1_357' title='bbox 1185 6237 1311 6316; x_wconf 82' lang='lat'>1702.</span> <span class='ocrx_word' id='word_1_358' title='bbox 1328 6203 1487 6304; x_wconf 86' lang='lat' dir='ltr'><em>habita.</em></span> 
     </span>
    </p>
   </div>
   <div class='ocr_carea' id='block_1_7' title="bbox 1979 6605 2109 6702">
    <p class='ocr_par' dir='ltr' id='par_1_10' title="bbox 1979 6605 2109 6702">
     <span class='ocr_line' id='line_1_43' title="bbox 1979 6605 2109 6702; baseline 0 0"><span class='ocrx_word' id='word_1_359' title='bbox 1979 6605 2109 6702; x_wconf 61' lang='grc' dir='ltr'><em>ΤΑΕ</em></span> 
     </span>
    </p>
   </div>
   <div class='ocr_carea' id='block_1_8' title="bbox 0 0 2195 7296">
    <p class='ocr_par' dir='ltr' id='par_1_11' title="bbox 0 0 2195 7296">
     <span class='ocr_line' id='line_1_44' title="bbox 0 0 2195 7296; baseline 0 0"><span class='ocrx_word' id='word_1_360' title='bbox 0 0 2195 7296; x_wconf 95' lang='lat' dir='ltr'><em> </em></span> 
     </span>
    </p>
   </div>
  </div>
 </body>
</html>
