4392 7294
364 615 382 626 --
433 573 500 656 ro
1012 623 1014 628 .
1126 537 1291 646 m.
1324 541 1421 652 Χίῳ
1513 596 1515 604 -

430 733 944 876 adeormplrenonsunt,
966 735 1034 838 sed
1054 737 1461 866 stnfiruversusejus
1470 771 1722 869 extremum
1765 741 2019 841 incedendo
2040 745 2127 840 mi-

431 905 645 984 nuuntur,
670 905 719 974 ut
728 902 968 973 extremam
986 873 1170 972 caudam
1185 861 1458 1007 occupantei,
1477 885 1525 973 iis
1534 893 1647 1010 q'uae
1665 777 1832 976 collum
1843 905 2029 1010 tegunt,
2049 883 2127 970 viii

430 1007 661 1140 ampliores
680 1006 901 1140 sina'qua‘e
921 1033 1071 1104 autem
1080 1005 1380 1124 caudaelateir
1388 1017 1594 1141 utrinque
1603 1004 1830 1122 claudunt,
1842 1003 2124 1142 sormapror·

431 1140 499 1242 siis
513 1177 538 1239 a
553 1141 733 1275 reliquii
748 1135 990 1250 dissimiles,
1014 1173 1123 1250 nam„
1138 1139 1290 1271 planae
1306 1175 1397 1272 non
1416 1138 1528 1254 sunt,
1546 1139 1725 1240 aliarum
1743 1133 1886 1262 instar,
1896 1134 1968 1253 sed
1982 1168 2126 1237 cavae

430 1272 552 1416 quasi
571 1277 1149 1403 incurvatae,quiapronaiii
1162 1302 1206 1369 er
1217 1272 1407 1406 supinam
1414 1273 1602 1387 laterum
1612 1299 1964 1408 pnitemregnnr,¹
1974 1269 2123 1368 Caudi

428 1431 581 1512 autern
610 1403 748 1516 valida
759 1433 804 1508 ,ct
814 1405 969 1536 pedena
986 1404 1077 1500 fere
1092 1403 1240 1534 longa,
1249 1415 1293 1500 in
1303 1403 1510 1540 superiori
1526 1435 1651 1540 parre
1667 1401 2123 1538 rotundain'i'nserio-

428 1551 466 1645 ri
483 1539 754 1670 aliquantum
765 1537 894 1668 plana
914 1570 1020 1632 curn
1042 1569 1173 1668 parva
1193 1543 1479 1652 excrescentia
1511 1551 1646 1665 carnis
1659 1537 1881 1668 albicantis
1908 1548 1954 1636 in
1974 1564 2119 1638 extre·

328 1750 331 1756 ,
427 1669 979 1792 milatusecundunilleii·
999 1673 1058 1770 P.
1072 1665 1270 1773 iachird
1284 1669 1361 1785 lc,
1421 1674 1579 1800 Capite
1596 1699 1643 1794 er
1660 1663 1936 1802 promuscide
1953 1669 2117 1767 lacer·

102 1853 106 1860 ’
277 1800 280 1804 ’
428 1801 585 1902 tuslric
603 1838 696 1900 non
715 1805 774 1896 esi
783 1810 980 1934 porcino,
997 1830 1057 1916 ut,
1065 1803 1321 1910 brundisio,
1339 1804 1411 1907 sed
1429 1815 1615 1918 tenuiori
1624 1831 1669 1921 er
1676 1814 1860 1902 acutiori
1869 1783 2118 1950 ‘salpariirn

428 1970 583 2041 more,
602 1971 697 2068 quo
712 1961 870 2031 terrani
880 1935 1160 2032 commodius
1169 1939 1349 2034 evertat.
1425 1936 1558 2034 Collo
1575 1909 1707 2068 plane
1711 1925 1965 2036 destituitur.
2039 1935 2119 2028 Pe-

427 2067 506 2168 des
521 2067 772 2166 breviusculi
783 2065 976 2197 palmam
996 2062 1169 2204 circiter
1188 2069 1327 2205 longi,
1345 2079 1423 2203 qni
1439 2067 1687 2166 durioribus
1706 2069 1797 2202 pilis
1815 2069 2024 2198 leporinis
2044 2103 2118 2162 ve-

427 2200 631 2314 sliuntur,
648 2200 870 2336 iidemque
885 2201 959 2330 pili
982 2194 1092 2301 hinc
1113 2198 1213 2297 inde
1249 2192 1489 2334 erumpunt
1506 2212 1549 2298 in
1568 2199 1700 2298 dorso
1718 2237 1772 2300 ex
1793 2198 1930 2336 ipsiss
1953 2208 2116 2308 uamis3

427 2337 487 2436 fic
505 2359 659 2466 guitur
678 2339 864 2464 quoque
884 2358 930 2427 et
942 2325 1103 2430 ¹ventris
1118 2343 1206 2430 ima
1253 2369 1331 2446 arr,
1351 2345 1484 2466 nigris
1506 2333 1647 2444 obsita
1664 2337 1784 2434 viliis.
1849 2235 2114 2436 Polleiiorrs

292 2555 295 2562 ,
426 2466 559 2595 pedes
578 2473 780 2597 quinque
799 2461 1022 2596 unguibus
1037 2367 1322 2581 brevioribus,
1340 2474 1573 2566 anteriores
1583 2465 1721 2570 tribus
1736 2465 1944 2598 oblongis
1956 2462 2112 2574 crassis,

426 2597 498 2700 sed
517 2595 692 2695 imbelle
725 2609 867 2694 curvis
885 2621 1100 2707 armatur,
1119 2595 1237 2696 ficuu
1252 2606 1298 2695 iii
1317 2598 1545 2698 Brasiliensi
1565 2599 1843 2707 Tamandoa,
1862 2595 2025 2730 quibus
2046 2633 2111 2692 ae·

395 2723 400 2734 ’
425 2767 517 2866 que
534 2766 584 2829 ac
605 2729 676 2826 illa
694 2732 998 2826 Formicarum
1016 2757 1061 2826 et
1086 2733 1303 2829 bermium
1320 2728 1501 2831 latebras
1518 2793 1532 2838 ,
1551 2729 1715 2866 detegit
1735 2771 1749 2844 ς
1782 2729 1984 2863 praedam
2005 2767 2109 2862 qua·

426 2865 693 2995 lenicunque
711 2860 934 2958 mordicus
952 2877 1086 2972 tenet,
1101 2891 1205 2960 etur
1223 2865 1274 2963 P.
1287 2862 1491 2963 Tarbard
1495 2863 1641 2972 credi,
1649 2865 1933 2964 anterioribus
1950 2875 2108 2994 arripit

280 3027 289 3048 ⁸
426 3007 532 3116 Oisia
551 3005 766 3126 apertura,
782 3005 942 3127 exigna
959 2992 1351 3130 plana‚-praelonga
1371 3015 1518 3094 tamen
1535 3003 1729 3132 Lingua,
1744 3023 1854 3096 teres
1872 3027 2012 3128 quam
2033 3003 2106 3092 sei·

424 3140 567 3266 peritis
577 3127 629 3226 ad
647 3124 779 3222 inslar
791 3125 991 3248 ejaculat,
1031 3129 1103 3226 sed
1134 3125 1298 3262 absque
1324 3127 1418 3225 ullo
1443 3127 1620 3228 damno.
1716 3126 1961 3244 Tachardus
1982 3138 2107 3226 mira·

425 3290 517 3376 tur,
531 3255 1100 3400 animalculu'mhocneque
1120 3257 1341 3392 legumina
1353 3262 1605 3378 comedere,
1623 3294 1769 3396 neque
1787 3259 1959 3372 studius„
1979 3263 2106 3374 ullos,
2164 3277 2165 3338 i

423 3425 575 3530 neque
599 3401 829 3518 oryzam,
847 3425 904 3488 ue
939 3427 993 3490 ue
1035 3388 1166 3524 pisces
1183 3393 1254 3491 vel
1270 3429 1465 3510 carnem,
1492 3422 1567 3494 aut
1584 3394 1700 3499 aliud
1732 3404 1969 3527 quicquam
1989 3391 2111 3490 escae
2164 3519 2165 3522 Ν

421 3529 528 3626 loco
546 3521 618 3753 ipsi
639 3523 889 3644 obedum,
905 3425 976 3623 led
993 3533 1135 3624 mirari
1166 3522 1364 3642 desiisset,
1381 3527 1412 3624 si
1429 3529 1639 3625 lacertum
1659 3527 1779 3624 bunc
1823 3527 2103 3624 formicarum
2163 3529 2165 3642 l

421 3671 548 3760 imini
566 3655 658 3754 isset
673 3687 847 3767 acervo,
857 3667 1089 3754 turicenini
1105 3654 1395 3788 conspexisset,
1417 3660 1607 3788 linguam
1627 3656 1787 3758 viscido
1805 3655 1997 3756 humore
2006 3657 2101 3790 glu-

422 3792 609 3894 tinosam
626 3788 861 3886 formicero
871 3799 1118 3896 immittere,
1137 3792 1418 3926 formicisque
1433 3789 1642 3888 inviscatis
1660 3789 1843 3888 obsitam
1862 3789 2100 3894 extrahere,

420 3925 607 4056 hocque
622 3917 847 4042 alinpenro
867 3923 1039 4026 vidium
1049 3955 1286 4056 quaerere,
1313 3922 1416 4020 telle
1440 3944 1627 4052 avtopta
1649 3915 1923 4052 istraiiffioin
1951 3923 2098 4024 itiner.

420 4057 614 4160 Boniius
628 4077 775 4148 tamen
794 4052 1005 4152 lacertulis
1023 4050 1381 4190 quoqueinlidiai
1400 4037 1556 4154 llruere
1565 4057 1722 4164 scribit,
1734 4056 1901 4186 illisque
1918 4067 2099 4189 pingue·

419 4190 548 4303 scere,
567 4181 683 4284 unde
701 4198 791 4308 ejus
815 4219 917 4283 caro
927 4184 1050 4284 vesca
1068 4221 1162 4286 non
1181 4185 1343 4303 solum,
1362 4186 1549 4289 sedsicut
1565 4223 1747 4322 magnae
1767 4187 1947 4288 lacertae
1971 4183 2081 4284 Bias
2083 4233 2097 4254 ·
2159 4119 2161 4242 l

402 4319 570 4425 lienses
593 4328 1055 4451 LeguanaeetTatou,
1072 4330 1185 4420 inter
1205 4321 1349 4450 epulas
1363 4319 1416 4418 ab
1433 4321 1637 4430 omnibus
1658 4317 2096 4452 paffimincolisexpr·

420 4468 540 4557 titur.
607 4457 678 4546 An
695 4457 901 4546 Lacertus
919 4449 992 4546 hic
1000 4449 1050 4549 sit
1061 4450 1319 4570 Varchiero,
1327 4457 1447 4578 cujus
1460 4459 1514 4552 G.
1534 4447 1847 4583 Pfiismanaz'rr
1867 4486 1891 4548 e
1913 4441 2096 4585 Formiis

423 4580 564 4720 Infiisa
583 4584 789 4682 oriundae
806 4579 1026 4714 insrfiilre
1041 4581 1169 4720 hujus
1178 4580 1447 4716 descriptione
1465 4597 1710 4684 meminiic.
1733 4619 1812 4698 24i
1833 4623 1873 4718 p.
1888 4621 1986 4692 170.
2032 4595 2095 4682 viii

401 4720 711 4840 ‚determinare
727 4715 883 4819 audeo.
948 4719 1197 4822 Anaunion
1214 4740 1260 4815 er
1268 4716 1487 4818 internam
1490 4715 1762 4952 pruinam
1779 4716 1910 4851 siujiia¹
1923 4711 2098 4814 lacerti

420 4847 777 5098 ssisllilll
794 4844 2095 5118 fissilisSissilissl‘l.,lll‘slilllsissisz

376 5153 379 5160 ·
422 5128 624 5253 gentium
643 5115 834 5224 obtulit,
853 5113 1091 5244 quomodo
1110 5111 1340 5214 lacertulae
1362 5115 1442 5211 bae
1467 5116 1713 5250 squamatae
1729 5125 1936 5235 juniores,
1951 5125 2094 5212 macrii

419 5249 556 5346 dorso
572 5243 794 5344 insideant.
828 5243 1094 5379 Vidparirer
1117 5247 1177 5346 du
1195 5247 1362 5346 iiamei
1377 5240 2092 5381 Reg.Acad.Scienr.Hisior.Libi.

420 5379 716 5512 sl.Se6i.·Xs,c.
733 5411 831 5503 2.p.
847 5411 953 5484 227.
992 5383 1118 5478 Haec
1136 5415 1189 5477 ex
1208 5392 1368 5511 oprimi
1380 5386 1580 5481 Parentis
1597 5379 1967 5510 Myrmerologire
1986 5383 2093 5480 Ma

418 5511 616 5652 nuscript.
627 5509 767 5639 Capite
775 5509 827 5606 de
835 5503 1016 5640 hostibus
1012 5505 1310 5646 formicarum
1327 5511 1631 5649 deprompsisse
1651 5511 1839 5610 sufficiat.

585 5649 694 5739 Hoc
730 5643 890 5738 animal
930 5644 1195 5745 Brasilienses
1223 5649 1312 5745 uA
1325 5649 1494 5760 ioV,
1539 5648 1612 5743 vel
1661 5641 1899 5742 secundum
1923 5639 2094 5740 Theve-

419 5809 517 5878 cum
538 5777 740 5875 satoriam
759 5803 803 5874 et
817 5767 1042 5909 secusiam,
1061 5787 1278 5877 Mexicarii
1304 5776 1602 5908 Ajatocbtlem
1624 5847 1642 5891 ,
1691 5783 1844 5875 Novae
1871 5774 2094 5906 Hispaniae

417 5913 591 6014 Incolae
623 5907 987 6040 Ebircqmndum,
1017 5909 1134 6043 quasi
1151 5909 1396 6010 caniculuin
1434 5909 1733 6024 cucurbitam,
1766 5905 1966 6006 Oviedus
1984 5913 2094 6004 Bar·

417 6043 535 6156 dato,
553 6040 670 6139 unde
689 6044 899 6140 Italorum
919 6073 1101 6180 quoque
1121 6038 1676 6164 Bardalmteslecscirrbels.
1700 6043 1747 6142 iii
1762 6037 1923 6170 Museo
1953 6031 2094 6138 Serti·

419 6177 528 6274 sair.
549 6208 640 6308 cap.
661 6207 733 6290 30·
761 6210 801 6302 p.
821 6212 833 6269 ι
842 6204 916 6296 57.
951 6173 1106 6290 fluxit,
1139 6176 1318 6311 Hispani
1357 6178 1583 6278 Armadisso
1600 6209 1643 6274 et
1660 6171 1853 6276 Lusitani
1878 6177 2093 6270 mcover-

416 6305 539 6421 rado,
557 6305 681 6435 quod
700 6305 1025 6437 panopliam,.et
1033 6307 1358 6441 cataphiadium
1368 6309 1564 6420 denotat,
1574 6309 1644 6408 vel
1656 6307 1891 6406 secundum
1909 6307 2092 6408 P.Mar·

253 6561 257 6570 .
417 6431 559 6571 tyrim
577 6439 874 6580 phalerarum,
906 6443 1041 6580 Angli
1061 6442 1203 6541 Great
1221 6433 1395 6542 Siresd
1425 6439 1628 6592 Hedgog,
1654 6446 1810 6574 Belgae
1853 6433 2093 6666 dchlldaper-
2131 6578 2136 6588 Ι
