4462 7300
377 791 553 905 Beata
591 787 770 918 litia,
812 841 887 903 me
941 818 1028 928 ejus
1073 806 1406 939 descriptionem
1448 803 1677 904 occasione
1725 811 1944 908 Ananasae
1982 840 2059 903 cu-

373 929 439 1057 lut
485 937 736 1036 suavitatem
770 947 879 1034 mire
920 938 1152 1039 insedlatur
1192 969 1446 1073 praepetum
1487 937 1594 1035 haec
1636 941 1888 1054 minutula,
1937 937 2059 1034 datus

378 1067 479 1194 t'um
514 1074 665 1192 sciret,
719 1071 763 1169 id
803 1073 928 1204 quod
961 1084 1006 1168 in
1033 1059 1430 1168 ⁸commentatione
1462 1074 1515 1166 de
1549 1066 1760 1192 Ananasa
1791 1065 1900 1206 five
1933 1077 2059 1168 Nuce

374 1193 695 1332 p't‘ue'alndica,
719 1205 856 1338 vulgo
888 1199 1043 1302 Pinha
1087 1203 1216 1316 dieta,
1259 1203 1438 1301 sadlum.
1517 1203 2058 1333 „GeneraleAviculatum

377 1371 549 1432 nomen
570 1333 812 1460 Gviriambt'
830 1336 900 1434 vel
920 1333 1230 1450 Gvainumlm
1266 1371 1366 1434 cum
1392 1371 1542 1432 earum
1577 1343 1716 1432 variae
1735 1337 2055 1472 species‚(quip

245 1515 253 1530 ·
374 1493 431 1602 pe
475 1475 780 1598 Marggrav'ius
815 1483 898 1589 jam
924 1469 1033 1565 olim
1063 1504 1229 1566 novem
1263 1465 1552 1600 descripsit,)
1592 1477 1706 1566 varia
1749 1502 1933 1602 quoque
1975 1467 2056 1562 obb

375 1611 604 1696 tinuerunt
633 1612 852 1713 nomina,
887 1629 1025 1730 prout
1053 1611 1211 1736 paritet
1251 1611 1536 1698 variaeatum
1577 1603 1875 1733 magnitudo,
1933 1599 2056 1696 colo·
2216 1675 2221 1684 .

377 1757 565 1868 rumque
584 1731 809 1833 divetfitas.
897 1737 1060 1832 Tantae
1079 1747 1197 1831 enim
1218 1765 1366 1830 earum
1387 1732 1538 1863 speciei
1556 1762 1697 1830 certae
1712 1732 1769 1830 est
1787 1741 1978 1866 corporis
1997 1733 2056 1826 le-

289 1973 291 1979 ·
369 1857 589 1972 ‘tritasmut
610 1895 751 1964 unum
770 1863 979 1964 duntaxat
1009 1871 1189 1966 Tomino
1207 1863 1486 1997 Hispanicum
1511 1865 1595 1965 sive
1613 1873 1694 1964 iiii.
1720 1901 1852 1998 grana
1882 1865 2074 1998 pendat„

375 1998 769 2124 undenomenelus
790 1999 1138 2097 sominaofluxit.
1208 2007 1303 2095 Nec
1320 2015 1517 2095 minorin
1544 2010 1681 2126 capite
1706 2035 1789 2130 pro
1816 1998 2055 2122 specierum

373 2118 611 2228 diversitate
623 2142 811 2242 varietas,
831 2163 978 2229 earum
1003 2146 1118 2230 enim
1139 2130 1233 2242 illa,
1250 2163 1364 2264 quae
1384 2169 1407 2228 a
1426 2131 1702 2258 sioclefortt'o
1720 2161 1764 2226 et
1784 2133 1966 2229 ‘Blamio
1985 2133 2057 2225 Cu·

376 2257 478 2392 {pbri
500 2265 675 2371 dicitur,
699 2263 920 2394 plumeam
945 2263 989 2359 in
1010 2264 1256 2362 summitate
1275 2276 1419 2400 capitis
1444 2301 1656 2362 coronam
1681 2249 1840 2400 gestat,
1860 2298 1992 2395 quam
2011 2273 2056 2354 in

378 2387 543 2492 crislam
561 2431 642 2530 pto
654 2395 790 2492 lubitu
807 2408 971 2528 erigere
992 2398 1121 2516 valet,
1141 2433 1272 2528 quam
1293 2399 1389 2494 solis
1407 2394 1656 2495 illuslratam
1677 2399 1819 2516 radiis,
1848 2393 2057 2529 pretioss-

368 2525 486 2624 'stmis
504 2529 711 2662 lapidibus
730 2527 973 2627 distinctam
993 2561 1037 2627 et
1054 2529 1379 2642 coruscantem,
1397 2561 1441 2626 et
1460 2532 1626 2626 oculos'
1646 2531 1944 2662 parvulospar
1960 2525 2058 2652 adat-⁴

375 2687 594 2779 mantum,
613 2662 783 2790 chalybi
801 2659 1059 2794 politiffimo
1077 2660 1381 2761 caetultscenti
1402 2658 1583 2758 infixum
1603 2698 1627 2759 e
1647 2657 1917 2793 Ruchesort't'i
1935 2693 2084 2800 mem,

372 2811 418 2888 te
471 2803 727 2912 uiriudicet3
763 2793 905 2892 nostra
924 2823 1070 2894 tamen
1088 2793 1251 2894 avicula
1270 2831 1437 2892 cotona
1460 2793 1540 2890 hac·
1559 2797 1735 2928 plumea
1766 2795 2052 2891 dellitituitur,

370 2827 2052 3088 llolellumestsubtotundum,aequale,tenueetvaldeacuminapum,reslum

370 3058 601 3189 paululum
631 3091 779 3157 tamen
800 3059 944 3157 versus
965 3071 1279 3158 extremitatem
1310 3059 1512 3156 deorsum
1542 3096 1737 3192 vergens.
1773 3171 1780 3196 ,
1804 3061 1970 3191 Lingua
1989 3059 2053 3152 bi·

355 3190 730 3324 fses’tatetiuiffima
749 3193 875 3290 inllat
895 3189 1010 3288 serici
1029 3191 1089 3290 fili
1112 3189 1365 3302 tenuiffimi,
1385 3227 1519 3324 quam
1541 3219 1658 3289 extra
1676 3191 2051 3323 tuslellumlonge

368 3321 536 3434 exserit,
557 3345 606 3420 ut
620 3324 780 3422 florum
801 3323 1011 3422 melleum
1032 3360 1176 3422 rorem
1200 3328 1393 3422 extrahat
1412 3353 1455 3420 et
1467 3325 1655 3436 lambat,
1697 3326 1812 3421 u'nde
1831 3361 1854 3419 a
1871 3324 2053 3418 sinenti-

357 3455 448 3554 ¹bue
469 3451 836 3590 sunthunsungse
864 3453 972 3554 flore
995 3457 1186 3556 sonulam
1205 3455 1325 3588 quast
1342 3468 1512 3590 genita,
1542 3464 1802 3554 Germanice
1822 3453 2055 3574 Qltttttttu

349 3578 562 3722 ''ffipttpt
578 3618 773 3692 vocatur.
845 3593 1036 3685 truraet
1047 3589 1175 3715 pedes
1191 3598 1360 3682 minimi
1380 3590 1642 3720 brevesque,
1667 3626 1771 3686 cum
1793 3591 1930 3688 Ebeni
1948 3588 1975 3683 li
2009 3598 2049 3683 ni

355 3719 592 3854 ¹nigredine
609 3747 844 3834 certantes,
865 3750 1061 3852 quatuor
1085 3720 1227 3848 digitis
1245 3715 1447 3818 instructi.
1513 3721 1703 3818 aarum
1724 3723 1958 3856 remigium
1975 3625 2053 3816 sm·

353 3879 357 3898 ⁸
368 3853 520 3986 gulare
570 3890 639 3949 rae
657 3861 831 3950 caeteris
850 3851 1317 3968 avicularumhabent,
1336 3865 1505 3982 o‘ptime
1525 3857 1874 3986 aMarugravlo
1902 3852 2054 3952 descri-

364 4011 519 4118 ptum,
539 3891 668 4106 llujus¹
677 4019 764 4116 ope
775 4019 851 4115 per
871 3983 931 4079 sat
950 3984 1143 4118 longum
1168 3993 1380 4118 temporis
1409 3988 1592 4118 spatium
1609 3997 1653 4080 in
1674 3969 1914 4084 aiere‘velut
1935 3993 2052 4117 quie·

366 4140 435 4214 tae
451 4117 491 4215 se
509 4119 679 4254 libraqt,
700 4153 806 4216 mox
825 4146 941 4215 tanta
966 4129 1221 4250 pernicitate
1248 4117 1287 4214 se
1305 4141 1518 4230 movent,
1546 4147 1598 4238 ut
1615 4117 1702 4216 visu
1721 4127 1881 4249 percipi
1902 4147 2053 4214 motus

351 4261 440 4348 'vix
470 4247 624 4383 possit,
666 4280 711 4347 et
728 4251 803 4346 alis
821 4286 962 4348 carere
980 4251 1205 4349 videantur
1230 4286 1245 4378 3
1281 4253 1473 4350 sonitum
1508 4279 1652 4346 tamen
1676 4263 1786 4346 inter
1807 4248 2051 4350 volandum

369 4382 508 4480 edunt
527 4385 794 4514 apicularum
819 4381 1126 4482 bombisatioui
1153 4419 1244 4482 non
1266 4381 1533 4494 dissimilem,
1566 4385 1716 4518 Angla
1744 4381 1849 4478 hine
1892 4388 2050 4502 ,Hum-

369 4513 594 4649 mt'nglrird
610 4513 760 4636 diuae.
808 4523 1002 4636 Maxima
1011 4519 1295 4620 Avicularum
1309 4517 1462 4612 harum
1481 4516 1676 4614 venustas
1691 4513 1983 4650 splendorque
2001 4524 2048 4610 in

346 4643 556 4780 'plumulit
583 4647 738 4778 capitia,
762 4647 854 4746 colli
867 4647 1110 4776 superioris,
1128 4642 1240 4783 dorst
1254 4649 1391 4746 totiru
1409 4670 1454 4744 et
1469 4649 1652 4747 asareem
1671 4647 1832 4758 initiis,
1858 4667 2049 4780 quarum

362 4776 613 4877 admiranda
634 4766 811 4878 varietas
833 4811 1002 4877 nomen
1021 4773 1237 4910 Ouriffiae
1256 4783 1342 4882 stve
1364 4782 1579 4877 radiorum
1598 4779 1727 4893 Solis,
1750 4781 1894 4878 Gvari
1914 4775 2052 4878 'colat

343 4935 409 5007 ‘et
432 4911 721 5010 Gvaracat’ba
739 4912 996 5044 capillorum
1007 4917 1114 5010 Solis
1132 4925 1309 5045 peperit.
1387 4913 1504 5008 lllam
1516 4949 1649 5046 quam
1665 4915 1808 5010 tabula
1822 4815 1964 5008 nostr
1982 4942 2052 5008 ex·

360 5041 618 5162 hibet,vivis
639 5043 760 5176 quast
787 5044 1012 5143 coloribus
1041 5049 1235 5180 depinxit
1261 5042 1547 5142 disertissimus
1573 5051 1615 5142 P.
1639 5043 1843 5143 Bisseliust
1879 5049 2050 5143 Pennu-

343 5173 643 5296 ,larumrriton
656 5177 810 5292 scribit,
829 5169 1061 5310 verfirolor
1079 5181 1203 5284 lutet,
1218 5171 1279 5308 fic
1307 5200 1359 5273 ur
1359 5171 1690 5310 smaragdinum
1708 5179 1907 5277 virorem
1920 5175 2049 5308 splen-

361 5307 440 5408 dor
456 5303 735 5442 saphirinus,
758 5334 988 5440 purpuram
1015 5335 1131 5410 vero
1151 5311 1293 5409 lutera
1310 5314 1439 5408 aurei
1457 5305 1606 5442 fulgor
1618 5333 1837 5440 provocet.
1911 5309 2049 5408 Deui-

361 5467 443 5575 pue
467 5440 669 5575 quicquid
676 5439 823 5540 ocutus
841 5441 988 5542 trahit
1005 5446 1233 5555 colorum,
1253 5443 1301 5544 ia
1309 5440 1433 5542 bmne
1435 5447 1575 5574 supra
1591 5441 1824 5542 Pavonum
1833 5475 1889 5542 ac
1906 5437 2051 5546 Iridis,

362 5571 842 5804 §Admiratiom‘sfilt'ae
867 5607 892 5673 a
921 5576 1145 5678 veteribus
1163 5575 1332 5710 diuae)
1346 5577 1654 5694 varietatem,
1683 5578 1729 5675 in
1755 5579 1828 5674 illo
1845 5583 1902 5678 V
1894 5576 2051 5674 olutrr's·

390 5707 588 5808 reviario
606 5728 769 5808 natura
785 5705 958 5840 milret,
999 5703 1256 5846 mistumque
1281 5707 1633 5840 denuusetemit,
1667 5707 1789 5809 haud
1820 5707 2052 5840 inelegauri

363 5835 746 5975 tompafitaeveau
779 5835 1100 5974 arisdiseordr'a.
1144 5839 1369 5942 Filiorum
1386 5839 2049 5976 tormentumiuvidiamquedi-

332 5975 508 6086 'iterim
533 5998 612 6073 aut
625 5999 705 6105 pro
726 5975 810 6073 etio
832 5999 993 6074 manus
1011 5972 1211 6107 Apelleae
1222 5969 1365 6106 soierr
1391 5977 1698 6107 compendium,
1755 5983 1877 6074 Hine
1893 5977 2049 6073 fatiam

361 6101 436 6218 est,
454 6105 578 6237 quod
599 6145 624 6205 a
642 6107 1505 6242 Phrygionibusadmodumexpetantur
1527 6106 1744 6242 plumulae
1762 6105 1845 6203 hae
1864 6105 2045 6205 versico-

276 6253 279 6265 '
357 6231 504 6365 lutet,
528 6270 578 6337 ut
596 6253 730 6340 aureis
758 6238 1324 6375 intertexantslaminlbum
1353 6274 1396 6339 et
1416 6243 1521 6339 licet
1548 6270 1666 6339 mors
1687 6241 1877 6340 aviculae
1918 6241 2046 6373 pluri·

363 6369 1254 6508 niumplumularumvenustatidetrahat,
1275 6413 1299 6476 a
1318 6378 1519 6480 foeminis
1539 6403 1685 6475 tamen
1704 6374 2046 6604 locoiiiaupmrt

381 6537 387 6546 ·
429 6540 434 6546 ·
930 6567 934 6578 ·
985 6575 989 6583 ,
1066 6558 1072 6568 ·
1875 6542 1929 6640 ge
1969 6539 2043 6605 an·
